
@misc{h4sh3d:1,
    author        = {h4sh3d},
    url           = {https://github.com/h4sh3d/xmr-btc-atomic-swap/blob/master/whitepaper/xmr-btc.pdf},
    date          = {2020},
    title         = {Bitcoinâ€“Monero Cross-chain Atomic Swap},
}

@technote{MRL:10,
    title         = {MRL-0010: Discrete logarithm equality across groups},
    number        = {MRL-0010},
    author        = {Sarang Noether},
    year          = {2018},
    institution   = {Monero Research Lab},
    url           = {https://web.getmonero.org/es/resources/research-lab/pubs/MRL-0010.pdf},
}

@misc{borromean,
    title         = {Borromean Ring Signatures},
    author        = {G Maxwell, A Poelstra},
    url           = {https://github.com/Blockstream/borromean_paper/},
}

@misc{CerRes10,
    author        = {Research, Certicom},
    booktitle     = {Standards for Efficient Cryptography},
    title         = {SEC 2: Recommended Elliptic Curve Domain Parameters},
    url           = {http://www.secg.org/sec2-v2.pdf},
    year          = {2010}
}

@book{nakamoto2008bitcoin,
    author        = {Satoshi Nakamoto},
    title         = {Bitcoin: {A} {Peer}-to-{Peer} {Electronic} {Cash} {System}},
    url           = {https://bitcoin.org/bitcoin.pdf},
    month         = {December},
    year          = {2008},
}

@inproceedings{ches-2011-24091,
  title={High-Speed High-Security Signatures},
  booktitle={CHES},
  series={Lecture Notes in Computer Science},
  publisher={Springer},
  volume={6917},
  pages={124-142},
  url={https://www.iacr.org/archive/ches2011/69170125/69170125.pdf},
  doi={10.1007/978-3-642-23951-9_9},
  author={Daniel J. Bernstein and Niels Duif and Tanja Lange and Peter Schwabe and Bo-Yin Yang},
  year=2011
}

@misc{van2013cryptonote,
    title         = {CryptoNote v 2.0},
    author        = {Van Saberhagen, Nicolas},
    year          = {2013}
}

@misc{oneTimeVES,
    author        = {Fournier, Lloyd},
    url           = {https://github.com/LLFourn/one-time-VES/blob/master/main.pdf},
    date          = {2019},
    title         = {One-Time Verifiably Encrypted Signatures, A.K.A. Adaptor Signatures},
}

@inproceedings{dleq-proof,
    author = {Chaum, David and Pedersen, Torben P.},
    title = {Wallet Databases with Observers},
    booktitle = {Proceedings of the 12th Annual International Cryptology Conference on Advances in Cryptology},
    series = {CRYPTO '92},
    year = {1993},
    isbn = {3-540-57340-2},
    pages = {89--105},
    numpages = {17},
    url = {http://dl.acm.org/citation.cfm?id=646757.705670},
    acmid = {705670},
    publisher = {Springer-Verlag},
    address = {London, UK, UK},
}

@online{bip-0341,
    author        = {Pieter Wuille,Jonas Nick,Anthony Towns},
    url           = {https://github.com/bitcoin/bips/blob/master/bip-0341.mediawiki},
    urldate       = {2020},
    title         = {Taproot: SegWit version 1 spending rules},
}

@online{advisory1,
    author        = {Mark B Lundeberg},
    url           = {https://gist.github.com/markblundeberg/7a932c98179de2190049f5823907c016},
    urldate       = {2020},
    title         = {Advisory: secret size attack on cross-chain hash lock smart contracts},
}
